<record><leader>00000cas a22000007a 4500</leader><controlfield tag="001">13811753</controlfield><controlfield tag="008">860702c19089999mtuwr ne      0    0eng d</controlfield><controlfield tag="009">4661</controlfield><datafield ind1=" " ind2=" " tag="010"><subfield code="a">sn 86075250 </subfield></datafield><datafield ind1=" " ind2=" " tag="040"><subfield code="a">MTL</subfield><subfield code="b">eng</subfield><subfield code="c">MTL</subfield></datafield><datafield ind1="1" ind2=" " tag="029"><subfield code="a">AU@</subfield><subfield code="b">000025803438</subfield></datafield><datafield ind1=" " ind2=" " tag="042"><subfield code="a">msc</subfield></datafield><datafield ind1="0" ind2=" " tag="130"><subfield code="a">Harlem news (Harlem, Mont. : 1908)</subfield></datafield><datafield ind1="0" ind2="4" tag="245"><subfield code="a">The Harlem news.</subfield></datafield><datafield ind1=" " ind2=" " tag="260"><subfield code="a">Harlem, Mont. :</subfield><subfield code="b">News Pub. Co.,</subfield><subfield code="c">1908-</subfield></datafield><datafield ind1=" " ind2=" " tag="300"><subfield code="a">v. :</subfield><subfield code="b">ill. :</subfield><subfield code="c">58 cm.</subfield></datafield><datafield ind1=" " ind2=" " tag="310"><subfield code="a">Weekly</subfield></datafield><datafield ind1="0" ind2=" " tag="362"><subfield code="a">Vol. 5, no. 14 (June 18, 1908)-</subfield></datafield><datafield ind1=" " ind2=" " tag="752"><subfield code="a">United States</subfield><subfield code="b">Montana</subfield><subfield code="c">Blaine</subfield><subfield code="d">Harlem.</subfield></datafield><datafield ind1="0" ind2="0" tag="780"><subfield code="t">Milk River Valley news</subfield><subfield code="w">(DLC)sn 85053174</subfield></datafield></record>